

@online{arm-two-billion,
    author    = "Arm Limited",
    title     = "Arm Partners Have Shipped 200 Billion Chips",
    url       = "https://newsroom.arm.com/blog/200bn-arm-chips",
    addendum = "(accessed: 07 Oct 2024)",
}

@article{flynns-taxonomy,
  author  = "Flynn, Michael J.",
  title   = "Some Computer Organizations and Their Effectiveness",
  journal = "IEEE Transactions on Computers",
  year    = 1972,
  volume  = "C-21",
  number  = "9",
  pages   = "948--960"
}

@online{arm-a-profile,
    author    = "Arm Limited",
    title     = "NEON",
    url       = "https://developer.arm.com/Architectures/A-Profile%20Architecture",
    addendum = "(accessed: 07 Oct 2024)",
}

@online{arm-sve,
    author    = "Arm Limited",
    title     = "SVE",
    url       = "https://developer.arm.com/Architectures/Scalable%20Vector%20Extensions",
    addendum = "(accessed: 07 Oct 2024)",
}

@online{arm-neon,
    author    = "Arm Limited",
    title     = "NEON",
    url       = "https://www.arm.com/technologies/neon",
    addendum = "(accessed: 07 Oct 2024)",
}

@online{valgrind,
    author    = "Valgrind",
    title     = "Valgrind",
    url       = "https://valgrind.org/",
    addendum = "(accessed: 07 Oct 2024)",
}

@book{dynamic-binary-modification,
  title     = "Dynamic Binary Modification: Tools, Techniques, and Applications",
  author    = "Hazelwood, Kim",
  year      = 2011,
  publisher = "Morgan \& Claypool Publishers",
  address   = "California"
}

@online{qemu-supports-sve,
    author    = "QEMU",
    title     = "Features/ARM/SVE",
    url       = "https://wiki.qemu.org/Features/ARM/SVE",
    addendum = "(accessed: 07 Oct 2024)",
}

@online{arm-ie,
    author    = "Arm Limited",
    title     = "Arm Instruction Emulator",
    url       = "https://developer.arm.com/Tools%20and%20Software/Arm%20Instruction%20Emulator",
    addendum = "(accessed: 07 Oct 2024)",
}
